@inproceedings{pratikakis2017icdar2017,
  title={ICDAR2017 Competition on Document Image Binarization (DIBCO 2017)},
  author={Pratikakis, Ioannis and Zagoris, Konstantinos and Barlas, George and Gatos, Basilis},
  booktitle={Document Analysis and Recognition (ICDAR), 2017 14th IAPR International Conference on},
  volume={1},
  pages={1395--1403},
  year={2017},
  organization={IEEE}
}

@inproceedings{abadi2016tensorflow,
  title={TensorFlow: A System for Large-Scale Machine Learning.},
  author={Abadi, Mart{\'\i}n and Barham, Paul and Chen, Jianmin and Chen, Zhifeng and Davis, Andy and Dean, Jeffrey and Devin, Matthieu and Ghemawat, Sanjay and Irving, Geoffrey and Isard, Michael and others},
  booktitle={OSDI},
  volume={16},
  pages={265--283},
  year={2016}
}

@inproceedings{ronneberger2015u,
  title={U-net: Convolutional networks for biomedical image segmentation},
  author={Ronneberger, Olaf and Fischer, Philipp and Brox, Thomas},
  booktitle={International Conference on Medical image computing and computer-assisted intervention},
  pages={234--241},
  year={2015},
  organization={Springer}
}

@inproceedings{crfasrnn_ICCV2015,
    author = {Shuai Zheng and Sadeep Jayasumana and Bernardino Romera-Paredes and Vibhav Vineet and
    Zhizhong Su and Dalong Du and Chang Huang and Philip H. S. Torr},
    title  = {Conditional Random Fields as Recurrent Neural Networks},
    booktitle = {International Conference on Computer Vision (ICCV)},
    year   = {2015}
}


@misc{Jayasumana2017,
  author={Sadeep Jayasumana},
  title={CRF-RNN Keras/Tensorflow version},
  year={2017},
  howpublished={\url{https://github.com/sadeepj/crfasrnn_keras}},
  note={Accessed: 2018-04-11}
}

